@article{loh2010tutorial,
  title={A tutorial implementation of a dependently typed lambda calculus},
  author={L{\"o}h, Andres and McBride, Conor and Swierstra, Wouter},
  journal={Fundamenta informaticae},
  volume={102},
  number={2},
  pages={177--207},
  year={2010},
  publisher={IOS Press}
}

@phdthesis{girard1972interpretation,
  title={Interpr{\'e}tation fonctionnelle et {\'e}limination des coupures de l'arithm{\'e}tique d'ordre sup{\'e}rieur},
  author={Girard, Jean-Yves},
  year={1972},
  school={{\'E}diteur inconnu}
}

@inproceedings{hurkens1995simplification,
  title={A simplification of Girard's paradox},
  author={Hurkens, Antonius JC},
  booktitle={TLCA},
  volume={95},
  pages={266--278},
  year={1995}
}

@phdthesis{coquand1986analysis,
  title={An analysis of Girard's paradox},
  author={Coquand, Thierry},
  year={1986},
  school={INRIA}
}

@misc{GitHubGa38:online,
author = {Hoffmann, Tobias},
title = {GitHub - Garbaz/seminar-dependent-types},
howpublished = {\url{https://github.com/Garbaz/seminar-dependent-types}},
month = {},
year = {},
note = {(Accessed on 02/25/2023)}
}

@misc{TheAgdaW80:online,
author = {Norell, Ulf and others},
title = {The Agda Wiki},
howpublished = {\url{https://wiki.portal.chalmers.se/agda/pmwiki.php}},
month = {},
year = {},
note = {(Accessed on 02/25/2023)}
}

@inproceedings{lof1973intuitionistic,
  title={An intuitionistic theory of types},
  author={Lof, P Martin and others},
  booktitle={Predicative part colloquium},
  pages={73--118},
  year={1973}
}

@inproceedings{sozeau2014universe,
  title={Universe polymorphism in Coq},
  author={Sozeau, Matthieu and Tabareau, Nicolas},
  booktitle={Interactive Theorem Proving: 5th International Conference, ITP 2014, Held as Part of the Vienna Summer of Logic, VSL 2014, Vienna, Austria, July 14-17, 2014. Proceedings 5},
  pages={499--514},
  year={2014},
  organization={Springer}
}

@misc{martin1971theory,
  title={A theory of types},
  author={Martin-L{\"o}f, Per},
  year={1971},
  publisher={Report}
}
